<record><leader>00000cas a2200000 a 4500</leader><controlfield tag="001">16012959</controlfield><controlfield tag="008">870620d189u1944iauwr ne      0    0eng c</controlfield><datafield ind1=" " ind2=" " tag="010"><subfield code="a">sn 87057669 </subfield></datafield><datafield ind1=" " ind2=" " tag="040"><subfield code="a">INP</subfield><subfield code="b">eng</subfield><subfield code="c">INP</subfield><subfield code="d">NVF</subfield><subfield code="d">OCLCQ</subfield><subfield code="d">OCLCF</subfield><subfield code="d">OCLCO</subfield></datafield><datafield ind1=" " ind2=" " tag="042"><subfield code="a">pcc</subfield></datafield><datafield ind1=" " ind2=" " tag="043"><subfield code="a">n-us-ia</subfield></datafield><datafield ind1="0" ind2="4" tag="245"><subfield code="a">The Indianola herald.</subfield></datafield><datafield ind1=" " ind2=" " tag="260"><subfield code="a">Indianola, Iowa :</subfield><subfield code="b">T.T. &amp; J.M. Anderson</subfield></datafield><datafield ind1=" " ind2=" " tag="300"><subfield code="a">v.</subfield></datafield><datafield ind1=" " ind2=" " tag="310"><subfield code="a">Weekly</subfield></datafield><datafield ind1="1" ind2=" " tag="362"><subfield code="a">Ceased in Dec. 1944.</subfield></datafield><datafield ind1=" " ind2=" " tag="515"><subfield code="a">Issue for Jan. 14, 1897, called v. 38, no. 30, but constitutes v. 38, no. 29.</subfield></datafield><datafield ind1=" " ind2=" " tag="588"><subfield code="a">Description based on: Vol. 38, no. 29 (Jan. 14, 1897).</subfield></datafield><datafield ind1=" " ind2="0" tag="651"><subfield code="a">Indianola (Iowa)</subfield><subfield code="v">Newspapers.</subfield></datafield><datafield ind1=" " ind2="7" tag="655"><subfield code="a">Newspapers.</subfield><subfield code="2">fast</subfield><subfield code="0">(OCoLC)fst01423814</subfield></datafield><datafield ind1=" " ind2="7" tag="651"><subfield code="a">Iowa</subfield><subfield code="z">Indianola.</subfield><subfield code="2">fast</subfield><subfield code="0">(OCoLC)fst01246982</subfield></datafield><datafield ind1=" " ind2=" " tag="752"><subfield code="a">United States</subfield><subfield code="b">Iowa</subfield><subfield code="c">Warren</subfield><subfield code="d">Indianola.</subfield></datafield><datafield ind1="0" ind2="0" tag="780"><subfield code="t">Weekly Indianola herald</subfield><subfield code="w">(DLC)sn 84038201</subfield></datafield><datafield ind1="0" ind2="7" tag="785"><subfield code="t">Indianola record</subfield><subfield code="w">(DLC)sn 87057665</subfield></datafield><datafield ind1="0" ind2="7" tag="785"><subfield code="t">Record-herald (Indianola, Iowa)</subfield><subfield code="w">(DLC)sn 87057663</subfield></datafield></record>